%% This BibTeX bibliography file was created using BibDesk.
%% http://bibdesk.sourceforge.net/

%% Saved with string encoding Unicode (UTF-8) 


\item  {\it\/}
@article{Hao:2015qki,
	Author = {J. Carrasquilla, Z. Hao and R. G. Melko},
	Journal = { Nature communications },
	volume = {6},
	Pages = {7421},
	Publisher = {Macmillan},
	Title = {A two-dimensional spin liquid in quantum kagome ice},
	Year = {2015}}


@article{Huang:2016tv,
	Author = {Y. P. Huang and M. Hermele},
	Journal = {arXiv},
	volume = {1609.08617},
	Title = {Theory of quantum kagome ice and vison zero modes},
	Year = {2016}}

@article{Liu:2013qaq,
  title = {Quasi-adiabatic quantum Monte Carlo algorithm for quantum evolution in imaginary time},
  author = {Liu, Cheng-Wei and Polkovnikov, Anatoli and Sandvik, Anders W.},
  journal = {Phys. Rev. B},
  volume = {87},
  issue = {17},
  pages = {174302},
  numpages = {13},
  year = {2013},
  month = {May},
  publisher = {American Physical Society},
  doi = {10.1103/PhysRevB.87.174302},
  url = {http://link.aps.org/doi/10.1103/PhysRevB.87.174302}
}

@article{Isakov:2006vbs,
  title = {Hard-Core Bosons on the Kagome Lattice: Valence-Bond Solids and Their Quantum Melting},
  author = {Isakov, S. V. and Wessel, S. and Melko, R. G. and Sengupta, K. and Kim, Yong Baek},
  journal = {Phys. Rev. Lett.},
  volume = {97},
  issue = {14},
  pages = {147202},
  numpages = {4},
  year = {2006},
  month = {Oct},
  publisher = {American Physical Society},
  doi = {10.1103/PhysRevLett.97.147202},
  url = {http://link.aps.org/doi/10.1103/PhysRevLett.97.147202}
}
@article{Kedar:2006vbs,
  title = {Spin Nematics and Magnetization Plateau Transition in Anisotropic Kagome Magnets},
  author = {Damle, Kedar and Senthil, T.},
  journal = {Phys. Rev. Lett.},
  volume = {97},
  issue = {6},
  pages = {067202},
  numpages = {4},
  year = {2006},
  month = {Aug},
  publisher = {American Physical Society},
  doi = {10.1103/PhysRevLett.97.067202},
  url = {http://link.aps.org/doi/10.1103/PhysRevLett.97.067202}
}

@article{Wu:2006rf,
	Author = {Wu, Ming-Chya},
	Date-Added = {2016-04-13 08:24:48 +0000},
	Date-Modified = {2016-04-13 08:24:48 +0000},
	Journal = {Physical Review E},
	Number = {4},
	Pages = {046135},
	Publisher = {APS},
	Title = {Exact finite-size scaling functions for the interfacial tensions of the Ising model on planar lattices},
	Volume = {73},
	Year = {2006}}

@book{Brankov:2000fp,
	Author = {Brankov, Jordan G and Danchev, Daniel M and Tonchev, Nicholai S},
	Date-Modified = {2016-04-13 09:01:56 +0000},
	Publisher = {World Scientific},
	Title = {Theory of critical phenomena in finite-size systems: scaling and quantum effects},
	Volume = {9},
	Year = {2000}}

@inbook{Privman:2014eu,
	Author = {Vladimir Privman},
	Booktitle = {Finite Size Scaling and Numerical Simulation of Statistical Systems},
	Chapter = {1},
	Date-Added = {2016-04-13 08:59:53 +0000},
	Date-Modified = {2016-04-13 09:11:31 +0000},
	Doi = {10.1142/9789814503419_0001},
	Pages = {1-98},
	Publisher = {WORLD SCIENTIFIC},
	Title = {FINITE-SIZE SCALING THEORY},
	Url = {http://www.worldscientific.com/doi/abs/10.1142/9789814503419_0001},
	Year = {2014},
	Bdsk-Url-1 = {http://www.worldscientific.com/doi/abs/10.1142/9789814503419_0001},
	Bdsk-Url-2 = {http://dx.doi.org/10.1142/9789814503419_0001}}

@article{Fisher:1982ft,
  title = {Scaling for first-order phase transitions in thermodynamic and finite systems},
  author = {Fisher, Michael E. and Berker, A. Nihat},
  journal = {Phys. Rev. B},
  volume = {26},
  issue = {5},
  pages = {2507--2513},
  numpages = {0},
  year = {1982},
  month = {Sep},
  publisher = {American Physical Society},
  doi = {10.1103/PhysRevB.26.2507},
  url = {http://link.aps.org/doi/10.1103/PhysRevB.26.2507}}

@article{Poilblanc:2011cy,
  title = {Entanglement spectrum and boundary theories with projected entangled-pair states},
  author = {Cirac, J. Ignacio and Poilblanc, Didier and Schuch, Norbert and Verstraete, Frank},
  journal = {Phys. Rev. B},
  volume = {83},
  issue = {24},
  pages = {245134},
  numpages = {12},
  year = {2011},
  month = {Jun},
  publisher = {American Physical Society},
  doi = {10.1103/PhysRevB.83.245134},
  url = {https://link.aps.org/doi/10.1103/PhysRevB.83.245134}
}
@article{Isakov:2011ee,
  title = {Topological entanglement entropy of a Boseâ€“Hubbard spin liquid},
  author = {Sergei V. Isakov,	Matthew B. Hastings	& Roger G. Melko},
  journal = {Nature},
  volume = {7},
  pages = {772},
  year = {2011},
  month = {July},
  doi = {10.1038/nphys2036},
}
@article{Dorneich:2001lp,
  title = {Accessing the dynamics of large many-particle systems using the stochastic series expansion},
  author = {Dorneich, Ansgar and Troyer, Matthias},
  journal = {Phys. Rev. E},
  volume = {64},
  issue = {6},
  pages = {066701},
  numpages = {10},
  year = {2001},
  month = {Nov},
  publisher = {American Physical Society},
  doi = {10.1103/PhysRevE.64.066701},
  url = {https://link.aps.org/doi/10.1103/PhysRevE.64.066701}
}
@article{Sandvik:1992sse,
  author={A W Sandvik},
  title={A generalization of Handscomb's quantum Monte Carlo scheme-application to the 1D Hubbard model},
  journal={Journal of Physics A: Mathematical and General},
  volume={25},
  number={13},
  pages={3667},
  url={http://stacks.iop.org/0305-4470/25/i=13/a=017},
  year={1992},
  abstract={A recently introduced generalization of Handscomb's quantum Monte Carlo scheme (1962) is further developed. Expressions for expectation values of various observables are studied in detail. A more efficient algorithm for importance sampling in a space of state vectors and operator strings is constructed, using the 1D Hubbard model as an illustrative example. As a test of the method, 32-site rings at band fillings 1/4, 3/8 and 1/2 are studied at a low temperature. Results for spin- and charge-density structure factors and static susceptibilities are presented.}
}

@article{Owerre:2016lsk,
  title = {Linear spin-wave study of a quantum kagome ice},
  author = {Owerre, S. A. and Burkov, A. A. and Melko, Roger G.},
  journal = {Phys. Rev. B},
  volume = {93},
  issue = {14},
  pages = {144402},
  numpages = {6},
  year = {2016},
  month = {Apr},
  publisher = {American Physical Society},
  doi = {10.1103/PhysRevB.93.144402},
  url = {https://link.aps.org/doi/10.1103/PhysRevB.93.144402}
}
@Article{Garanin:2000qcs,
	author= {Garanin, D.A. and Kladko, K.and Fulde, P.},
	title={Quasiclassical Hamiltonians for large-spin systems},
	journal={The European Physical Journal B - Condensed Matter and Complex Systems},
	year={2000},
	month={Mar},
	day={01},
	volume={14},
	number={2},
	pages={293},
	doi={10.1007/s100510050132},
	url={http://dx.doi.org/10.1007/s100510050132}
}
@article{Rehn:2017fcsl,
  title = {Fractionalized ${\mathbb{Z}}_{2}$ Classical Heisenberg Spin Liquids},
  author = {Rehn, J. and Sen, Arnab and Moessner, R.},
  journal = {Phys. Rev. Lett.},
  volume = {118},
  issue = {4},
  pages = {047201},
  numpages = {5},
  year = {2017},
  month = {Jan},
  publisher = {American Physical Society},
  doi = {10.1103/PhysRevLett.118.047201},
  url = {https://link.aps.org/doi/10.1103/PhysRevLett.118.047201}
}
