%% This BibTeX bibliography file was created using BibDesk.
%% http://bibdesk.sourceforge.net/

%% Saved with string encoding Unicode (UTF-8) 


\item  {\it\/}

@book{Bandref,
author    = {Kittel C.}, 
title     = {Introduction to Solid State Physics, 6th Ed. (1986), p. 185.},
publisher = {Wiley},
}
